@article{rote2002crossing,
  title={Crossing the bridge at night},
  author={Rote, G{\"u}nter},
  journal={Bulletin of the EATCS},
  volume={78},
  pages={241},
  year={2002}
}
